@article{Boettiger:2015:IDR:2723872.2723882,
 author = {Boettiger, Carl},
 title = {An Introduction to Docker for Reproducible Research},
 journal = {SIGOPS Oper. Syst. Rev.},
 issue_date = {January 2015},
 volume = {49},
 number = {1},
 month = jan,
 year = {2015},
 issn = {0163-5980},
 pages = {71--79},
 numpages = {9},
 url = {http://doi.acm.org/10.1145/2723872.2723882},
 doi = {10.1145/2723872.2723882},
 acmid = {2723882},
 publisher = {ACM},
 address = {New York, NY, USA},
}
@inproceedings{Gerlach:2014:SCE:2689676.2689680,
 author = {Gerlach, Wolfgang and Tang, Wei and Keegan, Kevin and Harrison, Travis and Wilke, Andreas and Bischof, Jared and D'Souza, Mark and Devoid, Scott and Murphy-Olson, Daniel and Desai, Narayan and Meyer, Folker},
 title = {Skyport: Container-based Execution Environment Management for Multi-cloud Scientific Workflows},
 booktitle = {Proceedings of the 5th International Workshop on Data-Intensive Computing in the Clouds},
 series = {DataCloud '14},
 year = {2014},
 isbn = {978-1-4799-7034-6},
 location = {New Orleans, Louisiana},
 pages = {25--32},
 numpages = {8},
 url = {http://dx.doi.org/10.1109/DataCloud.2014.6},
 doi = {10.1109/DataCloud.2014.6},
 acmid = {2689680},
 publisher = {IEEE Press},
 address = {Piscataway, NJ, USA},
} 
@inproceedings{Agrawal:2011:BDC:1951365.1951432,
 author = {Agrawal, Divyakant and Das, Sudipto and El Abbadi, Amr},
 title = {Big Data and Cloud Computing: Current State and Future Opportunities},
 booktitle = {Proceedings of the 14th International Conference on Extending Database Technology},
 series = {EDBT/ICDT '11},
 year = {2011},
 isbn = {978-1-4503-0528-0},
 location = {Uppsala, Sweden},
 pages = {530--533},
 numpages = {4},
 url = {http://doi.acm.org/10.1145/1951365.1951432},
 doi = {10.1145/1951365.1951432},
 acmid = {1951432},
 publisher = {ACM},
 address = {New York, NY, USA},
} 
@inproceedings{Medvedev:2016:SCB:2949689.2949700,
 author = {Medvedev, Dmitry and Lemson, Gerard and Rippin, Mike},
 title = {SciServer Compute: Bringing Analysis Close to the Data},
 booktitle = {Proceedings of the 28th International Conference on Scientific and Statistical Database Management},
 series = {SSDBM '16},
 year = {2016},
 isbn = {978-1-4503-4215-5},
 location = {Budapest, Hungary},
 pages = {27:1--27:4},
 articleno = {27},
 numpages = {4},
 url = {http://doi.acm.org/10.1145/2949689.2949700},
 doi = {10.1145/2949689.2949700},
 acmid = {2949700},
 publisher = {ACM},
 address = {New York, NY, USA},
 keywords = {Docker, Jupyter, Python, application containers, applied computing, data analysis, scientific workflows, virtualization},
}
@article{holdgraf2017portable,
  title={Portable learning environments for hands-on computational instruction: Using container-and cloud-based technology to teach data science},
  author={Holdgraf, Chris and Culich, Aaron and Rokem, Ariel and Deniz, Fatma and Alegro, Maryana and Ushizima, Dani},
  journal={arXiv preprint arXiv:1703.04900},
  year={2017}
}
